@software{anoma-geb,
author = {Heliax AG},
license = {MIT},
title = {{Geb Lisp Implementation}},
url = {https://github.com/anoma/geb/},
year = {2023}
}

@software{anoma-vampir,
author = {Heliax AG},
license = {MIT},
title = {{VampIR Rust Implementation}},
url = {https://github.com/anoma/vamp-ir/},
year = {2023}
}


@software{vamp-ir-haskell,
author = {Heliax AG},
license = {MIT},
title = {{VampIR Haskell Implementation}},
url = {https://github.com/anoma/vamp-ir-haskell/},
year = {2023}
}

@software{anoma-juvix,
author = {Heliax AG},
license = {MIT},
title = {{Juvix Haskell Compiler}},
url = {https://github.com/anoma/juvix/},
year = {2023}
}

